@phdthesis{jefferson2019policing,
  title={\href{https://deepblue.lib.umich.edu/handle/2027.42/149919}{Policing Norms: Punishment and the Politics of Respectability among Black Americans}},
  author={Jefferson, Hakeem},
  school={University of Michigan},
  year={2019}
}

@article{shannon1948mathematical,
  title={\href{https://ieeexplore.ieee.org/abstract/document/6773024}{A mathematical theory of communication}},
  author={Shannon, Claude E},
  journal={The Bell System Technical Journal},
  volume={27},
  number={3},
  pages={379--423},
  year={1948},
  publisher={Nokia Bell Labs}
}

@inproceedings{ong1997gilbert,
  title={\href{https://ieeexplore.ieee.org/abstract/document/614298}{The Gilbert-Johnson-Keerthi distance algorithm: A fast version for incremental motions}},
  author={Ong, Chong Jin and Gilbert, Elmer G},
  booktitle={Proceedings of International Conference on Robotics and Automation},
  volume={2},
  pages={1183--1189},
  year={1997},
  organization={IEEE}
}

@misc{the_big_house,
title={\href{https://www.michiganradio.org/post/michigan-athletic-department-embarrasses-while-trying-fill-seats}{Michigan Athletic Department embarrasses while trying to fill seats}},
author={Bacon, John U},
year={2014},
journal={Michigan Radio}
}

@article{tamura2016small,
  title={A small n sequential multiple assignment randomized trial design for use in rare disease research},
  author={Tamura, Roy N and Krischer, Jeffrey P and Pagnoux, Christian and Micheletti, Robert and Grayson, Peter C and Chen, Yeh-Fong and Merkel, Peter A},
  journal={Contemporary Clinical Trials},
  volume={46},
  pages={48--51},
  year={2016},
  publisher={Elsevier}
}

@article{sigfridsson,
  author       = {Sigfridsson, Emma and Ryde, Ulf},
  title        = {Comparison of methods for deriving atomic charges from the
                  electrostatic potential and moments},
  journaltitle = {Journal of Computational Chemistry},
  date         = 1998,
  volume       = 19,
  number       = 4,
  pages        = {377-395},
  doi          = {10.1002/(SICI)1096-987X(199803)19:4<377::AID-JCC1>3.0.CO;2-P},
}

@article{MUNTONI2022271,
title = {Real-world and natural history data for drug evaluation in Duchenne muscular dystrophy: suitability of the North Star Ambulatory Assessment for comparisons with external controls},
journal = {Neuromuscular Disorders},
volume = {32},
number = {4},
pages = {271-283},
year = {2022},
issn = {0960-8966},
doi = {https://doi.org/10.1016/j.nmd.2022.02.009},
url = {https://www.sciencedirect.com/science/article/pii/S096089662200061X},
author = {Francesco Muntoni and James Signorovitch and Gautam Sajeev and Nathalie Goemans and Brenda Wong and Cuixia Tian and Eugenio Mercuri and Nicolae Done and Hallee Wong and Jackson Moss and Zhiwen Yao and Susan J. Ward and Adnan Manzur and Laurent Servais and Erik H. Niks and Volker Straub and Imelda JM {de Groot} and Craig McDonald},
keywords = {Clinical trials, Drug evaluation, Duchenne muscular dystrophy, External controls, Natural history data, Real-world data},
}

@article{micheletti2020protocol,
  title={Protocol for A Randomized Multicenter Study for Isolated Skin Vasculitis (ARAMIS) Comparing The Efficacy of Three Drugs: Azathioprine, Colchicine, and Dapsone},
  author={Micheletti, Robert G and Pagnoux, Christian and Tamura, Roy N and Grayson, Peter C and McAlear, Carol A and Borchin, Renee and Krischer, Jeffrey P and Merkel, Peter A},
  journal={Trials},
  volume={21},
  number={1},
  pages={1--9},
  year={2020},
  publisher={BioMed Central},
  doi={10.1186/s13063-020-04285-3}
}

@article{chao2020dynamic,
  title={Dynamic Treatment Regimens in Small N, Sequential, Multiple Assignment, Randomized Trials: An Application in Focal Segmental Glomerulosclerosis},
  author={Chao, Yan-Cheng and Trachtman, Howard and Gipson, Debbie S and Spino, Cathie and Braun, Thomas M and Kidwell, Kelley M},
  journal={Contemporary Clinical Trials},
  volume={92},
  pages={105989},
  year={2020},
  publisher={Elsevier},
  doi={10.1016/j.cct.2020.105989}
}

@article{chao2020bayesian,
  title={A Bayesian Group Sequential Small N Sequential Multiple-Assignment Randomized Trial},
  author={Chao, Yan-Cheng and Braun, Thomas M and Tamura, Roy N and Kidwell, Kelley M},
  journal={Journal of the Royal Statistical Society: Series C (Applied Statistics)},
  volume={69},
  number={3},
  pages={663--680},
  year={2020},
  publisher={Wiley Online Library},
  doi={10.1111/rssc.1246}
}



@article{wei2018bayesian,
  title={A Bayesian Analysis of Small N Sequential Multiple Assignment Randomized Trials (snSMARTs)},
  author={Wei, Boxian and Braun, Thomas M and Tamura, Roy N and Kidwell, Kelley M},
  journal={Statistics in Medicine},
  volume={37},
  number={26},
  pages={3723--3732},
  year={2018},
  publisher={Wiley Online Library},
  doi={10.1002/sim.7900}
}


@article{wei2020sample,
  title={Sample Size Determination for Bayesian Analysis of Small N Sequential, Multiple Assignment, Randomized Trials (snSMARTs) with Three Agents},
  author={Wei, Boxian and Braun, Thomas M and Tamura, Roy N and Kidwell, Kelley},
  journal={Journal of Biopharmaceutical Statistics},
  volume={30},
  number={6},
  pages={1109--1120},
  year={2020},
  publisher={Taylor \& Francis},
  doi={10.1080/10543406.2020.1815032}  
}


@article{fang2021bayesian,
  title={Bayesian Methods to Compare Dose Levels with Placebo in a Small N, Sequential, Multiple Assignment, Randomized Trial},
  author={Fang, Fang and Hochstedler, Kimberly A and Tamura, Roy N and Braun, Thomas M and Kidwell, Kelley M},
  journal={Statistics in Medicine},
  volume={40},
  number={4},
  pages={963--977},
  year={2021},
  publisher={Wiley Online Library},
  doi={10.1002/sim.8813}
}


@article{hartman2021design,
  title={Design and Analysis Considerations for Utilizing a Mapping Function in a Small Sample, Sequential, Multiple Assignment, Randomized Trials with Continuous Outcomes},
  author={Hartman, Holly and Tamura, Roy N and Schipper, Matthew J and Kidwell, Kelley M},
  journal={Statistics in Medicine},
  volume={40},
  number={2},
  pages={312--326},
  year={2021},
  publisher={Wiley Online Library},
  doi={10.1002/sim.8776}
}

@book{spiegelhalter2004bayesian,
  title={Bayesian approaches to clinical trials and health-care evaluation},
  author={Spiegelhalter, David J and Abrams, Keith R and Myles, Jonathan P},
  volume={13},
  year={2004},
  publisher={John Wiley \& Sons}
}


@article{neuenschwander2010summarizing,
  title={Summarizing historical information on controls in clinical trials},
  author={Neuenschwander, Beat and Capkun-Niggli, Gorana and Branson, Michael and Spiegelhalter, David J},
  journal={Clinical Trials},
  volume={7},
  number={1},
  pages={5--18},
  year={2010},
  publisher={SAGE Publications Sage UK: London, England}
}

@article{schmidli2014robust,
  title={Robust meta-analytic-predictive priors in clinical trials with historical control information},
  author={Schmidli, Heinz and Gsteiger, Sandro and Roychoudhury, Satrajit and O'Hagan, Anthony and Spiegelhalter, David and Neuenschwander, Beat},
  journal={Biometrics},
  volume={70},
  number={4},
  pages={1023--1032},
  year={2014},
  publisher={Wiley Online Library}
}


@article{neuenschwander2016use,
  title={On the use of co-data in clinical trials},
  author={Neuenschwander, Beat and Roychoudhury, Satrajit and Schmidli, Heinz},
  journal={Statistics in Biopharmaceutical Research},
  volume={8},
  number={3},
  pages={345--354},
  year={2016},
  publisher={Taylor \& Francis}
}



@article{clemens2020safety,
  title={Safety, tolerability, and efficacy of viltolarsen in boys with duchenne muscular dystrophy amenable to exon 53 skipping: a phase 2 randomized clinical trial},
  author={Clemens, Paula R and Rao, Vamshi K and Connolly, Anne M and Harper, Amy D and Mah, Jean K and Smith, Edward C and McDonald, Craig M and Zaidman, Craig M and Morgenroth, Lauren P and Osaki, Hironori and others},
  journal={JAMA Neurology},
  volume={77},
  number={8},
  pages={982--991},
  year={2020},
  publisher={American Medical Association}
}


@article{hoffman2019vamorolone,
  title={Vamorolone trial in Duchenne muscular dystrophy shows dose-related improvement of muscle function},
  author={Hoffman, Eric P and Schwartz, Benjamin D and Mengle-Gaw, Laurel J and Smith, Edward C and Castro, Diana and Mah, Jean K and McDonald, Craig M and Kuntz, Nancy L and Finkel, Richard S and Guglieri, Michela and others},
  journal={Neurology},
  volume={93},
  number={13},
  pages={e1312--e1323},
  year={2019},
  publisher={AAN Enterprises}
}


@article{neuenschwander2020predictively,
  title={Predictively consistent prior effective sample sizes},
  author={Neuenschwander, Beat and Weber, Sebastian and Schmidli, Heinz and O'Hagan, Anthony},
  journal={Biometrics},
  volume={76},
  number={2},
  pages={578--587},
  year={2020},
  publisher={Wiley Online Library}
}


@article{verde2021bias,
  title={A bias-corrected meta-analysis model for combining, studies of different types and quality},
  author={Verde, Pablo Emilio},
  journal={Biometrical Journal},
  volume={63},
  number={2},
  pages={406--422},
  year={2021},
  publisher={Wiley Online Library}
}

@article{crisafulli2020global,
  title={Global epidemiology of Duchenne muscular dystrophy: an updated systematic review and meta-analysis},
  author={Crisafulli, Salvatore and Sultana, Janet and Fontana, Andrea and Salvo, Francesco and Messina, Sonia and Trifir{\`o}, Gianluca},
  journal={Orphanet Journal of Rare Diseases},
  volume={15},
  number={1},
  pages={1--20},
  year={2020},
  publisher={Springer}
}


@article{fda,
  title={Rare diseases:
common issues in
drug development
guidance for industry},
  author={{U.S. Food and Drug Administration}},
  year={2019}
}

@article{fdaCID,
  title={Interacting with the FDA on complex innovative trial designs for drugs and biological products},
  author={{U.S. Food and Drug Administration}},
  year={2020}
}

@article{mcdonald2013cooperative,
  title={The cooperative international neuromuscular research group Duchenne natural history study—a longitudinal investigation in the era of glucocorticoid therapy: design of protocol and the methods used},
  author={McDonald, Craig M and Henricson, Erik K and Abresch, R Ted and Han, Jay J and Escolar, Diana M and Florence, Julaine M and Duong, Tina and Arrieta, Adrienne and Clemens, Paula R and Hoffman, Eric P and others},
  journal={Muscle \& Nerve},
  volume={48},
  number={1},
  pages={32--54},
  year={2013},
  publisher={Wiley Online Library}
}

@article{lake2021bayesian,
  title={Bayesian adaptive design for clinical trials in Duchenne muscular dystrophy},
  author={Lake, Stephen L and Quintana, Melanie A and Broglio, Kristine and Panagoulias, Jennifer and Berry, Scott M and Panzara, Michael A},
  journal={Statistics in Medicine},
  volume={40},
  number={19},
  pages={4167--4184},
  year={2021},
  publisher={Wiley Online Library}
}

@misc{roche,
    author= {{F. Hoffmann-La Roche Ltd}},
    title = {{F. Hoffmann-La Roche Ltd}},
    note  = {\url{https://www.roche.com/}, 
             (accessed August 4, 2022)},
}



@inproceedings{muntoni2018minimal,
  title={Minimal detectable change in the North Star ambulatory assessment (NSAA) in Duchenne muscular dystrophy (DMD)},
  author={Muntoni, F and Manzur, A and Mayhew, A and Signorovitch, J and Sajeev, G and Yao, Z and Dieye, I and Jenkins, M and Ward, S},
  booktitle={NEUROMUSCULAR DISORDERS},
  volume={28},
  pages={S121--S121},
  year={2018},
  organization={PERGAMON-ELSEVIER SCIENCE LTD THE BOULEVARD, LANGFORD LANE, KIDLINGTON~…}
}

@article{viele2014use,
  title={Use of historical control data for assessing treatment effects in clinical trials},
  author={Viele, Kert and Berry, Scott and Neuenschwander, Beat and Amzal, Billy and Chen, Fang and Enas, Nathan and Hobbs, Brian and Ibrahim, Joseph G and Kinnersley, Nelson and Lindborg, Stacy and others},
  journal={Pharmaceutical Statistics},
  volume={13},
  number={1},
  pages={41--54},
  year={2014},
  publisher={Wiley Online Library}
}

@article{rosenbaum1983central,
  title={The central role of the propensity score in observational studies for causal effects},
  author={Rosenbaum, Paul R and Rubin, Donald B},
  journal={Biometrika},
  volume={70},
  number={1},
  pages={41--55},
  year={1983},
  publisher={Oxford University Press}
}


@article{pocock1976combination,
  title={The combination of randomized and historical controls in clinical trials},
  author={Pocock, Stuart J},
  journal={Journal of Chronic Diseases},
  volume={29},
  number={3},
  pages={175--188},
  year={1976},
  publisher={Elsevier}
}

@article{ibrahim2000power,
  title={Power prior distributions for regression models},
  author={Ibrahim, Joseph G and Chen, Ming-Hui},
  journal={Statistical Science},
  pages={46--60},
  year={2000},
  publisher={JSTOR}
}

@article{hobbs2011hierarchical,
  title={Hierarchical commensurate and power prior models for adaptive incorporation of historical information in clinical trials},
  author={Hobbs, Brian P and Carlin, Bradley P and Mandrekar, Sumithra J and Sargent, Daniel J},
  journal={Biometrics},
  volume={67},
  number={3},
  pages={1047--1056},
  year={2011},
  publisher={Wiley Online Library}
}


@article{fang2022comparing,
  title={Comparing dose levels to placebo using a continuous outcome in a small n, sequential, multiple assignment, randomized trial (snSMART)},
  author={Fang, Fang and Tamura, Roy N and Braun, Thomas M and Kidwell, Kelley M},
  journal={Statistics in Biopharmaceutical Research},
  number={just-accepted},
  pages={1--19},
  year={2022},
  publisher={Taylor \& Francis}
}

@article{kass1995reference,
  title={A reference Bayesian test for nested hypotheses and its relationship to the Schwarz criterion},
  author={Kass, Robert E and Wasserman, Larry},
  journal={Journal of the American Statistical Association},
  volume={90},
  number={431},
  pages={928--934},
  year={1995},
  publisher={Taylor \& Francis}
}

@Manual{rjags,
    title = {rjags: Bayesian graphical models using MCMC},
    author = {Martyn Plummer},
    year = {2022},
    note = {R package version 4-13, \url{https://CRAN.R-project.org/package=rjags} (accessed November 10, 2022)}
  }

%% This BibTeX bibliography file was created using BibDesk.
%% http://bibdesk.sourceforge.net/


%% Created for Galyardt at 2014-08-21 22:49:39 -0400 


%% Saved with string encoding Unicode (UTF-8) 

@article{eisenhauer2009new,
  title={New response evaluation criteria in solid tumours: revised RECIST guideline (version 1.1)},
  author={Eisenhauer, Elizabeth A and Therasse, Patrick and Bogaerts, Jan and Schwartz, Lawrence H and Sargent, Danielle and Ford, Robert and Dancey, Janet and Arbuck, S and Gwyther, Steve and Mooney, Margaret and others},
  journal={European Journal of Cancer},
  volume={45},
  number={2},
  pages={228--247},
  year={2009},
  publisher={Elsevier}
}

@article{clayton1978model,
  title={A model for association in bivariate life tables and its application in epidemiological studies of familial tendency in chronic disease incidence},
  author={Clayton, David G},
  journal={Biometrika},
  volume={65},
  number={1},
  pages={141--151},
  year={1978},
  publisher={Oxford University Press}
}

@article{congdon2007model,
  title={Model weights for model choice and averaging},
  author={Congdon, Peter},
  journal={Statistical Methodology},
  volume={4},
  number={2},
  pages={143--157},
  year={2007},
  publisher={Elsevier}
}

@article{motzer2019avelumab,
  title={Avelumab plus axitinib versus sunitinib for advanced renal-cell carcinoma},
  author={Motzer, Robert J and Penkov, Konstantin and Haanen, John and Rini, Brian and Albiges, Laurence and Campbell, Matthew T and Venugopal, Balaji and Kollmannsberger, Christian and Negrier, Sylvie and Uemura, Motohide and others},
  journal={New England Journal of Medicine},
  volume={380},
  number={12},
  pages={1103--1115},
  year={2019},
  publisher={Mass Medical Soc}
}

@article{tang2007surrogate,
  title={Surrogate end points for median overall survival in metastatic colorectal cancer: literature-based analysis from 39 randomized controlled trials of first-line chemotherapy},
  author={Tang, Patricia A and Bentzen, S{\o}ren M and Chen, Eric X and Siu, Lillian L},
  journal={Journal of Clinical Oncology},
  volume={25},
  number={29},
  pages={4562--4568},
  year={2007},
  publisher={American Society of Clinical Oncology}
}

@article{driscoll2009overall,
  title={Overall survival: still the gold standard: why overall survival remains the definitive end point in cancer clinical trials},
  author={Driscoll, James J and Rixe, Oliver},
  journal={The Cancer Journal},
  volume={15},
  number={5},
  pages={401--405},
  year={2009},
  publisher={LWW}
}

@article{methy2010surrogate,
  title={Surrogate endpoints for overall survival in digestive oncology trials: which candidates? A questionnaires survey among clinicians and methodologists},
  author={Methy, Nicolas and Bedenne, Laurent and Bonnetain, Franck},
  journal={BMC Cancer},
  volume={10},
  number={1},
  pages={1--9},
  year={2010},
  publisher={BioMed Central}
}

@article{sborov2019impact,
  title={Impact of accuracy of survival predictions on quality of end-of-life care among patients with metastatic cancer who receive radiation therapy},
  author={Sborov, Katherine and Giaretta, Stephanie and Koong, Amanda and Aggarwal, Sonya and Aslakson, Rebecca and Gensheimer, Michael F and Chang, Daniel T and Pollom, Erqi L},
  journal={Journal of Oncology Practice},
  volume={15},
  number={3},
  pages={e262--e270},
  year={2019},
  publisher={American Society of Clinical Oncology}
}

@article{mackillop1997measuring,
  title={Measuring the accuracy of prognostic judgments in oncology},
  author={Mackillop, William J and Quirt, Carol F},
  journal={Journal of Clinical Epidemiology},
  volume={50},
  number={1},
  pages={21--29},
  year={1997},
  publisher={Elsevier}
}

@article{henderson2001accuracy,
  title={Accuracy of point predictions in survival analysis},
  author={Henderson, Robin and Jones, Margaret and Stare, Janez},
  journal={Statistics in Medicine},
  volume={20},
  number={20},
  pages={3083--3096},
  year={2001},
  publisher={Wiley Online Library}
}

@article{fleischer2009statistical,
  title={A statistical model for the dependence between progression-free survival and overall survival},
  author={Fleischer, Frank and Gaschler-Markefski, Birgit and Bluhmki, Erich},
  journal={Statistics in Medicine},
  volume={28},
  number={21},
  pages={2669--2686},
  year={2009},
  publisher={Wiley Online Library}
}

@article{broglio2009detecting,
  title={Detecting an overall survival benefit that is derived from progression-free survival},
  author={Broglio, Kristine R and Berry, Donald A},
  journal={JNCI: Journal of the National Cancer Institute},
  volume={101},
  number={23},
  pages={1642--1649},
  year={2009},
  publisher={Oxford University Press}
}

@article{morita2015detecting,
  title={Detecting overall survival benefit derived from survival postprogression rather than progression-free survival},
  author={Morita, Satoshi and Sakamaki, Kentaro and Yin, Guosheng},
  journal={Journal of the National Cancer Institute},
  volume={107},
  number={8},
  pages={djv133},
  year={2015},
  publisher={Oxford University Press US}
}


@article{paoletti2020assessment,
  title={Assessment of progression-free survival as a surrogate end point of overall survival in first-line treatment of ovarian cancer: a systematic review and meta-analysis},
  author={Paoletti, Xavier and Lewsley, Liz-Anne and Daniele, Gennaro and Cook, Adrian and Yanaihara, Nozomu and Tinker, Anna and Kristensen, Gunnar and Ottevanger, Petronella B and Aravantinos, Gerasimos and Miller, Austin and others},
  journal={JAMA Network Open},
  volume={3},
  number={1},
  pages={e1918939--e1918939},
  year={2020},
  publisher={American Medical Association}
}


@article{meller2019joint,
  title={Joint modeling of progression-free and overall survival and computation of correlation measures},
  author={Meller, Matthias and Beyersmann, Jan and Rufibach, Kaspar},
  journal={Statistics in Medicine},
  volume={38},
  number={22},
  pages={4270--4289},
  year={2019},
  publisher={Wiley Online Library}
}

@article{grigore2020surrogate,
  title={Surrogate endpoints in health technology assessment: an international review of methodological guidelines},
  author={Grigore, Bogdan and Ciani, Oriana and Dams, Florian and Federici, Carlo and de Groot, Saskia and M{\"o}llenkamp, Meilin and Rabbe, Stefan and Shatrov, Kosta and Zemplenyi, Antal and Taylor, Rod S},
  journal={Pharmacoeconomics},
  volume={38},
  number={10},
  pages={1055--1070},
  year={2020},
  publisher={Springer}
}

@article{lim2019predicting,
  title={Predicting overall survival and progression-free survival using tumor dynamics in advanced breast cancer patients},
  author={Lim, Hyeong-Seok and Sun, Wan and Parivar, Kourosh and Wang, Diane},
  journal={The AAPS journal},
  volume={21},
  number={2},
  pages={1--12},
  year={2019},
  publisher={Springer}
}

@article{shukuya2016relationship,
  title={Relationship between overall survival and response or progression-free survival in advanced non--small cell lung cancer patients treated with anti--PD-1/PD-L1 antibodies},
  author={Shukuya, Takehito and Mori, Keita and Amann, Joseph M and Bertino, Erin M and Otterson, Gregory A and Shields, Peter G and Morita, Satoshi and Carbone, David P},
  journal={Journal of Thoracic Oncology},
  volume={11},
  number={11},
  pages={1927--1939},
  year={2016},
  publisher={Elsevier}
}

@article{bruno2014evaluation,
  title={Evaluation of tumor size response metrics to predict survival in oncology clinical trials},
  author={Bruno, R and Mercier, F and Claret, L},
  journal={Clinical Pharmacology \& Therapeutics},
  volume={95},
  number={4},
  pages={386--393},
  year={2014},
  publisher={Wiley Online Library}
}

@article{wang2009elucidation,
  title={Elucidation of relationship between tumor size and survival in non-small-cell lung cancer patients can aid early decision making in clinical drug development},
  author={Wang, Y and Sung, C and Dartois, C and Ramchandani, R and Booth, BP and Rock, E and Gobburu, J},
  journal={Clinical Pharmacology \& Therapeutics},
  volume={86},
  number={2},
  pages={167--174},
  year={2009},
  publisher={Wiley Online Library}
}

@article{claret2013evaluation,
  title={Evaluation of tumor-size response metrics to predict overall survival in Western and Chinese patients with first-line metastatic colorectal cancer},
  author={Claret, Laurent and Gupta, Manish and Han, Kelong and Joshi, Amita and Sarapa, Nenad and He, Jing and Powell, Bob and Bruno, Ren{\'e}},
  journal={Journal of Clinical Oncology},
  volume={31},
  number={17},
  pages={2110--2114},
  year={2013},
  publisher={American Society of Clinical Oncology}
}

@article{claret2009model,
  title={Model-based prediction of phase III overall survival in colorectal cancer on the basis of phase II tumor dynamics},
  author={Claret, Laurent and Girard, Pascal and Hoff, Paulo M and Van Cutsem, Eric and Zuideveld, Klaas P and Jorga, Karin and Fagerberg, Jan and Bruno, Ren{\'e}},
  journal={Journal of Clinical Oncology},
  volume={27},
  number={25},
  pages={4103--4108},
  year={2009},
  publisher={American Society of Clinical Oncology}
}


@article{yu2020new,
  title={A new method to model and predict progression free survival based on tumor growth dynamics},
  author={Yu, Jiajie and Wang, Nina and K{\aa}gedal, Matts},
  journal={CPT: Pharmacometrics \& Systems Pharmacology},
  volume={9},
  number={3},
  pages={177--184},
  year={2020},
  publisher={Wiley Online Library}
}


@article{zecchin2016models,
  title={Models for change in tumour size, appearance of new lesions and survival probability in patients with advanced epithelial ovarian cancer},
  author={Zecchin, Chiara and Gueorguieva, Ivelina and Enas, Nathan H and Friberg, Lena E},
  journal={British Journal of Clinical Pharmacology},
  volume={82},
  number={3},
  pages={717--727},
  year={2016},
  publisher={Wiley Online Library}
}

@article{hoeting1999bayesian,
  title={Bayesian model averaging: a tutorial (with comments by M. Clyde, David Draper and EI George, and a rejoinder by the authors},
  author={Hoeting, Jennifer A and Madigan, David and Raftery, Adrian E and Volinsky, Chris T},
  journal={Statistical Science},
  volume={14},
  number={4},
  pages={382--417},
  year={1999},
  publisher={Institute of Mathematical Statistics}
}

@article{raket2022progression,
  title={Progression models for repeated measures: Estimating novel treatment effects in progressive diseases},
  author={Raket, Lars Lau},
  journal={arXiv preprint arXiv:2203.15555},
  year={2022}
}

@article{fouarge2021hierarchical,
  title={Hierarchical Bayesian modelling of disease progression to inform clinical trial design in centronuclear myopathy},
  author={Fouarge, Eve and Monseur, Arnaud and Boulanger, Bruno and Annoussamy, M{\'e}lanie and Seferian, Andreea M and De Lucia, Silvana and Lilien, Charlotte and Thielemans, Leen and Paradis, Khazal and Cowling, Belinda S and others},
  journal={Orphanet Journal of Rare Diseases},
  volume={16},
  number={1},
  pages={1--11},
  year={2021},
  publisher={BioMed Central}
}

@article{lennie2020latent,
  title={Latent process model of the 6-minute walk test in Duchenne muscular dystrophy},
  author={Lennie, Janelle L and Mondick, John T and Gastonguay, Marc R},
  journal={Journal of Pharmacokinetics and Pharmacodynamics},
  volume={47},
  number={1},
  pages={91--104},
  year={2020},
  publisher={Springer}
}

@article{quintana2019bayesian,
  title={Bayesian model of disease progression in GNE myopathy},
  author={Quintana, M and Shrader, J and Slota, C and Joe, G and McKew, JC and Fitzgerald, M and Gahl, WA and Berry, S and Carrillo, N},
  journal={Statistics in Medicine},
  volume={38},
  number={8},
  pages={1459--1474},
  year={2019},
  publisher={Wiley Online Library}
}

@article{zhou2021incorporating,
  title={Incorporating external data into the analysis of clinical trials via Bayesian additive regression trees},
  author={Zhou, Tianjian and Ji, Yuan},
  journal={Statistics in Medicine},
  volume={40},
  number={28},
  pages={6421--6442},
  year={2021},
  publisher={Wiley Online Library}
}

@article{kiran2021bayesian,
  title={Bayesian Nonparametric Common Atoms Regression for Generating Synthetic Controls in Clinical Trials},
  author={Kiran Chandra, Noirrit and Sarkar, Abhra and de Groot, John F and Yuan, Ying and M{\"u}ller, Peter},
  journal={arXiv e-prints},
  pages={arXiv--2201},
  year={2021}
}
